@book{mittelbach_2023_the,
  title     ={The LaTeX Companion},
  author    ={Mittelbach, Frank and Goossens, Michel and Braams, Johannes and Carlisle, David and Rowley, Chris},
  year      ={2023},
  publisher ={Addison-Wesley Professional}
}
